@book{IEEE-1363,
  author =       {{IEEE Std 1363-2000}},
  title =        {{IEEE} Standard Specifications for Public-Key Cryptography},
  address =      {New York},
  publisher =    {IEEE},
  year =         2000
}
@book{indoorPos,
  author =       {Yu Kegen and Ian Sharp and Guo Y. Jay},
  title =        {Ground-Based Wireless Positioning[M]},
  publisher =    {John Wiley and Sons, Ltd},
  year =         2009
}
@Misc{indoorPos:differentpage,
   year = {Ref.~\cite{indoorPos}, p.~41}
}
@Misc{indoorPos:differentpage2,
   year = {Ref.~\cite{indoorPos}, p.115 $\sim$ 128}
}

@inproceedings{kocher99,
  author =       {C. Kocher and J. Jaffe and B. Jun},
  title =        {Differential Power Analysis},
  editor =       {M. Wiener},
  booktitle =    {Advances in Cryptology ({CRYPTO}~'99)},
  series =       {Lecture Notes in Computer Science},
  volume =       1666,
  pages =        {388-397},
  publisher =    {Springer-Verlag},
  month =        {August},
  year =         1999
}

@incollection{Krasnogor2004e,
  author =       {N. Krasnogor},
  title =        {Towards robust memetic algorithms},
  booktitle =    {Recent Advances in Memetic Algorithms},
  publisher =    {Springer Berlin Heidelberg},
  year =         2004,
  pages =        {185-207},
  editor =       {W.E. Hart and N. Krasnogor and J.E. Smith},
  volume =       166,
  series =       {Studies in Fuzziness and Soft Computing},
  address =      {New York},
}

@incollection{zjsw,
  author =       {班固},
  title =        {苏武传},
  booktitle =    {传记散文英华},
  publisher =    {湖北人民出版社},
  year =         1998,
  pages =        {65-69},
  editor =       {郑在瀛 and 汪超宏 and 周文复},
  volume =       2,
  series =       {新古文观止丛书},
  address =      {武汉},
  lang =         {chinese},
}



@inbook{clzs,
  author =       {阎真},
  title =        {沧浪之水},
  chapter =      {大人物还是讲人情的},
  pages =        {185-207},
  publisher =    {人民文学出版社},
  year =         2001,
  lang =         {chinese},
}

@book{tex,
  author =       "Donald E. Knuth",
  title =        "The {\TeX} Book",
  publisher =    "Addison-Wesley Publishing Company",
  address =      "Reading, MA",
  year =         1989,
  edition =      "15th",
}

@book{companion,
  author =       "Michel Goosens and Frank Mittelbach and Alexander Samarin",
  title =        "The {\LaTeX} Companion",
  publisher =    "Addison-Wesley Publishing Company",
  address =      "Reading, MA",
  PAGES =        "112--125",
  year =         1994,
}
@book{aa,
  author =       "姚慕生",
  title =        "高等代数学[M]",
  publisher =    "复旦大学出版社",
  address =      "上海",
  year =         2003,
  lang =         "chinese",

}
@book{numericalAnalysis,
  author =       "关治 and 陆金甫",
  title =        "数值分析基础[M]",
  publisher =    "高等教育出版社",
  address =      "北京",
  PAGES =        "52-56",
  year =         2010,
  lang =         "chinese",
}

@article{LimitBound,
  author =       "Y. Shen and M. Z. Win",
  title =        "Fundamental {L}imits of {W}ideband {L}ocalization --- {P}art {I}: {A} general framework[{J}]",
  journal =    "IEEE Transactions on Information Theory",
  year =         2010,
  PAGES = "4956-4980",
  volume = 56,
  number = 10,
  month = Oct
}

@article{LimitBound3,
  author =       "Santiago Mazuelas and Yuan Shen and  Moe Z. Win",
  journal = "2012 IEEE Global Communications Conference (GLOBECOM)",
  title =        "Spatio-{T}emporal {I}nformation {C}oupling in {C}ooperative {N}etwork {N}avigation[{J}]",
  year =         2012,
  PAGES = "2403-2407",
  month= Dec
}
@article{LimitBound2,
  author =       "Y. Shen and H. Wymeersch and M. Z. Win",
  title =        "Fundamental Limits of Wideband Localization --- Part II: Cooperative Networks[J]",
  journal =    "IEEE Transactions on Information Theory",
  PAGES =        "4981--5000",
  year =         2010,
  volume = 56,
  number = 10,
  month = Oct
}
@ARTICLE{6237577,
    author={I. Sharp and K. Yu and M. Hedley},
    journal={IEEE Transactions on Aerospace and Electronic Systems},
    title={On the GDOP and Accuracy for Indoor Positioning},
    year={2012},
    volume={48},
    number={3},
    pages={2032-2051},
    keywords={Global Positioning System;indoor communication;GDOP analysis;Position accuracy;geometric dilution;indoor mesh positioning systems;precision analysis;uniform random spatial anchor node deployment;Accuracy;Distance measurement;Indoor environments;Mathematical model;Measurement errors;Measurement uncertainty;Mobile communication},
    doi={10.1109/TAES.2012.6237577},
    ISSN={0018-9251},
    month={JULY},
}
@article{Win2011Network,
  title={Network localization and navigation via cooperation},
  author={Win, Moe Z. and Conti, Andrea and Mazuelas, Santiago and Shen, Yuan and Gifford, Wesley M. and Dardari, Davide and Chiani, Marco},
  journal={IEEE Communications Magazine},
  volume={49},
  number={5},
  pages={56-62},
  year={2011},
}
@article{K2008Explicit,
  title={Explicit formula for the inverse of a tridiagonal matrix by backward continued fractions},
  author={K?L??, Emrah},
  journal={Applied Mathematics & Computation},
  volume={197},
  number={1},
  pages={345-357},
  year={2008},
}
@ARTICLE{7887727,
    author={Y. Xiong and N. Wu and H. Wang},
    journal={IEEE Communications Letters},
    title={On the Performance Limits of Cooperative Localization in Wireless Sensor Networks With Strong Sensor Position Uncertainty},
    year={2017},
    volume={21},
    number={7},
    pages={1613-1616},
    keywords={approximation theory;cooperative communication;sensor placement;wireless sensor networks;WSN;anchorless cooperative localization performance;approximated Cramer-Rao bound decomposition;strong sensor position uncertainty;wireless sensor network;Bayes methods;Eigenvalues and eigenfunctions;Measurement;Nickel;Null space;Uncertainty;Wireless sensor networks;Cramér-Rao bound;Performance limit;cooperative localization;strong position uncertainty},
    doi={10.1109/LCOMM.2017.2687869},
    ISSN={1089-7798},
    month={July},
}
@INPROCEEDINGS{7962761,
author={Y. Xiong and J. Kuang and Y. Feng and H. Wang and N. Wu},
booktitle={2017 IEEE International Conference on Communications Workshops (ICC Workshops)},
title={Understanding the efficiency of cooperation in location-aware wireless networks},
year={2017},
pages={828-833},
keywords={Big Data;cooperative communication;matrix algebra;mobility management (mobile radio);FIM;Fisher information matrix;big data;cooperation efficiency;cooperative localization;localization techniques;location-aware wireless networks;network design;Big Data;Conferences;Couplings;Distance measurement;Matrix decomposition;Navigation;Wireless networks;Cooperative localization;Cramér-Rao bound (CRB);cooperative dilution of information;efficiency of cooperation},
doi={10.1109/ICCW.2017.7962761},
month={May},}
@booklet{ContinuedFraction,
  author = "William F. Hammond",
  title = "Continued {F}ractions and the {E}uclidean {A}lgorithm[{Z}]",
  howpublished   = "Lecture notes",
  address  = "University at Albany",
  year      = 1997
}
@article{ELIDRISSI94,
  author =       "{Chafik El Idrissi}, M. and {Roney}, A. and {Frigon}, C. and
                  {Larzilli{\`e}re}, M.",
  title =        "Measurements of total kinetic-energy released to the {$N=2$}
                  dissociation limit of {H}$_2$ --- evidence of the dissociation
                  of very high vibrational {R}ydberg states of {H}$_2$ by
                  doubly-excited states",
  journal =      "Chemical Physics Letters",
  pages =        "260-266",
  volume =       224,
  number =       10,
  year =         1994,
}

@article{KF,
  author =       "L. Jetto and S. Longhi and G. Venturini",
  title =        "Development and experimental validation of an adaptive extended {K}alman filter for the localization of mobile robots[{J}]",
  journal =      "IEEE Transactions on Robotics and Automation",
  pages =        "219-229",
  volume =       15,
  number =       2,
  year =         1999,
  month={Apr},
}

@article{SHELL02,
  author =       "Michael Shell",
  title =        "How to Use the {IEEEtran \LaTeX} Class",
  journal =      "Journal of {\LaTeX} Class Files",
  year =         2002,
  volume =       12,
  number =       4,
  pages =        "100--120"
}

@TechReport{NPB2,
  title =        {The {NAS} Parallel Benchmarks 2.0},
  author =       {Alex Woo and David Bailey and Maurice Yarrow and Wijngaart
                  Wijngaart and Tim Harris and William Saphir},
  year =         1995,
  month =        dec # "~05",
  institution =  "The Pennsylvania State University CiteSeer Archives",
  url =          "http://www.nasa.org/"
}

@inproceedings{DPMG,
  author =       {Kim, Sangbum and Woo, Namyoon and Yeom, Heon Y. and Park,
                  Taesoon and Park, Hyoungwoo},
  title =        {Design and {I}mplementation of {D}ynamic {P}rocess
                  {M}anagement for {G}rid-enabled {MPICH}},
  booktitle =    {the 10th European PVM/MPI Users' Group Conference},
  year =         2003,
  address =      {Venice, Italy},
  month =        sep,
}

@inproceedings{cnproceed,
  author =       {王重阳 and 黄药师 and 欧阳峰 and 洪七公 and 段皇帝},
  title =        {武林高手从入门到精通},
  booktitle =    {第~$N$~次华山论剑},
  year =         2006,
  address =      {西安, 中国},
  month =        sep,
  lang =         "chinese",
}

@article{cnarticle,
  author =       "贾宝玉 and 林黛玉 and 薛宝钗 and 贾探春",
  title =        "论刘姥姥食量大如牛之现实意义",
  journal =      "红楼梦杂谈",
  pages =        "260--266",
  volume =       224,
  year =         1800,
  language =         "chinese",
}
@article{machineseao,
  author =       "马钊 and 周孝信 and 尚宇炜 and 盛万兴",
  title =        "能源互联网概念、关键技术及发展模式探索",
  journal =      "电网技术",
  pages =        "3014--3022",
  volume =       39,
  number =       11,
  year =         2015,
  language =         "chinese",
}
@mastersthesis{siyi,
  author =       {杨思怡},
  title =        {协作定位网络的信息耦合机理},
  school =       {清华大学},
  year =         2016,
  address =      {北京},
  lang =         "chinese",
}

@phdthesis{shaheshang,
  author =       {沙和尚},
  title =        {论流沙河的综合治理},
  school =       {清华大学},
  year =         2005,
  address =      {北京},
  lang =         "chinese",
}

@mastersthesis{metamori2004,
  author =       {Ashwin Raju Jeyakumar},
  title =        {Metamori: A library for Incremental File Checkpointing},
  school =       {Virgina Tech},
  year =         2004,
  month =        jun # "~21",
  address =      {Blacksburg},
}


@online{chuban2001,
  author =      {萧钰},
  title =       {出版业信息化迈入快车道},
  modifydate =  {2001-12-19},
  citedate =    {2002-04-15},
  url =         {http://www.creader.com/news/200112190019.htm},
  lang =        "chinese",
}
